
@masterthesis{dissertacaoOsshiro2014,
author = {Osshiro, Márcio and Cagnin, Maria Istela},
keywords = {Reference Architecture, Software Product Line, Business Process Modeling, Business Process Line, Repository},
institution = {Faculdade de Computação, Universidade Fedral de Mato Grosso do Sul},
title = {{Reutiliza\c{c}\~{a}o De Modelagem De Neg\'{o}cios Baseada Em Vis\~{o}es}},
year = {2014}
}

@masterthesis{dissertacaoHenriqueFaria2005,
author = {de Faria, Henrique Rocha and Arakaki, Reginaldo},
institution = {Escola Politécnica da Universidade de São Paulo},
title = {{Um Modelo de Processo de Apoio ao Desenvolvimento de Software Baseado em Componentes, Orientado a Qualidade, e Centrado em um Reposit\'orio}},
year = {2005}
}


@book{larman2004,
  Author = {Craig Larman},
  Title = {Applying UML and Patterns: An Introduction to Object-Oriented Analysis and Design and Iterative Development (3rd Edition)},
  Publisher = {Prentice Hall},
  Year = {2004},
  ISBN = {0131489062}
}
